@article{Aartsen:2016nxy,
      author         = "Aartsen, M. G. and others",
      title          = "{The IceCube Neutrino Observatory: Instrumentation and
                        Online Systems}",
      collaboration  = "IceCube",
      journal        = "JINST",
      volume         = "12",
      year           = "2017",
      number         = "03",
      pages          = "P03012",
      doi            = "10.1088/1748-0221/12/03/P03012",
      eprint         = "1612.05093",
      archivePrefix  = "arXiv",
      primaryClass   = "astro-ph.IM",
      SLACcitation   = "%%CITATION = ARXIV:1612.05093;%%"
}

@article{Aartsen:2013jdh,
	author         = "Aartsen, M. G. and others",
	title          = "{Evidence for High-Energy Extraterrestrial Neutrinos at
	the IceCube Detector}",
	collaboration  = "IceCube",
	journal        = "Science",
	volume         = "342",
	year           = "2013",
	pages          = "1242856",
	doi            = "10.1126/science.1242856",
	eprint         = "1311.5238",
	archivePrefix  = "arXiv",
	primaryClass   = "astro-ph.HE",
	SLACcitation   = "%%CITATION = ARXIV:1311.5238;%%"
}

@article{Aartsen:2016oji,
	author         = "Aartsen, M. G. and others",
	title          = "{All-sky Search for Time-integrated Neutrino Emission
	from Astrophysical Sources with 7 yr of IceCube Data}",
	collaboration  = "IceCube",
	journal        = "Astrophys. J.",
	volume         = "835",
	year           = "2017",
	number         = "2",
	pages          = "151",
	doi            = "10.3847/1538-4357/835/2/151",
	eprint         = "1609.04981",
	archivePrefix  = "arXiv",
	primaryClass   = "astro-ph.HE",
	SLACcitation   = "%%CITATION = ARXIV:1609.04981;%%"
}

@article{Kankare:2019bzi,
	author         = "Kankare, E. and others",
	title          = "{A search for transient optical counterparts to
	high-energy IceCube neutrinos with Pan-STARRS1}",
	collaboration  = "Pan-STARRS, IceCube",
	journal        = "Submitted to: Astron. Astrophys.",
	year           = "2019",
	eprint         = "1901.11080",
	archivePrefix  = "arXiv",
	primaryClass   = "astro-ph.HE",
	SLACcitation   = "%%CITATION = ARXIV:1901.11080;%%"
}

@phdthesis{Stasik2018Search,
	author = {Stasik, Alexander Johannes},
	title = {Search for High Energetic Neutrinos from Core Collapse Supernovae using the IceCube Neutrino Telescope},
	school = {Humboldt-Universitaet zu Berlin, Mathematisch-Naturwissenschaftliche Fakultaet},
	year = {2018},
	doi = {http://dx.doi.org/10.18452/18729}
}

@article{Aartsen:2016lmt,
	author         = "Aartsen, M. G. and others",
	title          = "{The IceCube Realtime Alert System}",
	collaboration  = "IceCube",
	journal        = "Astropart. Phys.",
	volume         = "92",
	year           = "2017",
	pages          = "30-41",
	doi            = "10.1016/j.astropartphys.2017.05.002",
	eprint         = "1612.06028",
	archivePrefix  = "arXiv",
	primaryClass   = "astro-ph.HE",
	SLACcitation   = "%%CITATION = ARXIV:1612.06028;%%"
}

@article{IceCube:2018dnn,
	author         = "Aartsen, M. G. and others",
	title          = "{Multimessenger observations of a flaring blazar
	coincident with high-energy neutrino IceCube-170922A}",
	collaboration  = "IceCube, Fermi-LAT, MAGIC, AGILE, ASAS-SN, HAWC,
	H.E.S.S., INTEGRAL, Kanata, Kiso, Kapteyn, Liverpool
	Telescope, Subaru, Swift NuSTAR, VERITAS, VLA/17B-403",
	journal        = "Science",
	volume         = "361",
	year           = "2018",
	number         = "6398",
	pages          = "eaat1378",
	doi            = "10.1126/science.aat1378",
	eprint         = "1807.08816",
	archivePrefix  = "arXiv",
	primaryClass   = "astro-ph.HE",
	SLACcitation   = "%%CITATION = ARXIV:1807.08816;%%"
}

@article{Aartsen:2016lir,
	author         = "Aartsen, M. G. and others",
	title          = "{The contribution of Fermi-2LAC blazars to the diffuse
	TeV-PeV neutrino flux}",
	collaboration  = "IceCube",
	journal        = "Astrophys. J.",
	volume         = "835",
	year           = "2017",
	number         = "1",
	pages          = "45",
	doi            = "10.3847/1538-4357/835/1/45",
	eprint         = "1611.03874",
	archivePrefix  = "arXiv",
	primaryClass   = "astro-ph.HE",
	SLACcitation   = "%%CITATION = ARXIV:1611.03874;%%"
}

@article{Komossa:2015qya,
	author         = "Komossa, S.",
	title          = "{Tidal disruption of stars by supermassive black holes:
	Status of observations}",
	journal        = "JHEAp",
	volume         = "7",
	year           = "2015",
	pages          = "148-157",
	doi            = "10.1016/j.jheap.2015.04.006",
	eprint         = "1505.01093",
	archivePrefix  = "arXiv",
	primaryClass   = "astro-ph.HE",
	SLACcitation   = "%%CITATION = ARXIV:1505.01093;%%"
}

@article{Biehl:2017hnb,
	author         = "Biehl, Daniel and Boncioli, Denise and Lunardini, Cecilia
	and Winter, Walter",
	title          = "{Tidally disrupted stars as a possible origin of both
	cosmic rays and neutrinos at the highest energies}",
	journal        = "Sci. Rep.",
	volume         = "8",
	year           = "2018",
	number         = "1",
	pages          = "10828",
	doi            = "10.1038/s41598-018-29022-4",
	eprint         = "1711.03555",
	archivePrefix  = "arXiv",
	primaryClass   = "astro-ph.HE",
	reportNumber   = "DESY-17-205",
	SLACcitation   = "%%CITATION = ARXIV:1711.03555;%%"
}

@article{vanVelzen:2017qum,
	author         = "van Velzen, S.",
	title          = "{On the mass and luminosity functions of tidal disruption
	flares: rate suppression due to black hole event
	horizons}",
	journal        = "Astrophys. J.",
	volume         = "852",
	year           = "2018",
	number         = "2",
	pages          = "72",
	doi            = "10.3847/1538-4357/aa998e",
	eprint         = "1707.03458",
	archivePrefix  = "arXiv",
	primaryClass   = "astro-ph.HE",
	SLACcitation   = "%%CITATION = ARXIV:1707.03458;%%"
}

@article{Auchettl:2016qfa,
	author         = "Auchettl, Katie and Guillochon, James and Ramirez-Ruiz,
	Enrico",
	title          = "{New physical insights about Tidal Disruption Events from
	a comprehensive observational inventory at X-ray
	wavelengths}",
	journal        = "Astrophys. J.",
	volume         = "838",
	year           = "2017",
	number         = "2",
	pages          = "149",
	doi            = "10.3847/1538-4357/aa633b",
	eprint         = "1611.02291",
	archivePrefix  = "arXiv",
	primaryClass   = "astro-ph.HE",
	SLACcitation   = "%%CITATION = ARXIV:1611.02291;%%"
}

@article{Sun:2015bda,
	author         = "Sun, Hui and Zhang, Bing and Li, Zhuo",
	title          = "{Extragalactic High-energy Transients: Event Rate
	Densities and Luminosity Functions}",
	journal        = "Astrophys. J.",
	volume         = "812",
	year           = "2015",
	number         = "1",
	pages          = "33",
	doi            = "10.1088/0004-637X/812/1/33",
	eprint         = "1509.01592",
	archivePrefix  = "arXiv",
	primaryClass   = "astro-ph.HE",
	SLACcitation   = "%%CITATION = ARXIV:1509.01592;%%"
}

@article{Perley:2018oky,
	author         = "Perley, Daniel A. and others",
	title          = "{The Fast, Luminous Ultraviolet Transient AT2018cow:
	Extreme Supernova, or Disruption of a Star by an
	Intermediate-Mass Black Hole?}",
	journal        = "Mon. Not. Roy. Astron. Soc.",
	volume         = "484",
	year           = "2019",
	number         = "1",
	pages          = "1031-1049",
	doi            = "10.1093/mnras/sty3420",
	eprint         = "1808.00969",
	archivePrefix  = "arXiv",
	primaryClass   = "astro-ph.HE",
	SLACcitation   = "%%CITATION = ARXIV:1808.00969;%%"
}

@ARTICLE{2018ATel11785....1B,
   author = {{Blaufuss}, E.},
    title = "{AT2018cow: IceCube neutrino search}",
  journal = {The Astronomer's Telegram},
 keywords = {Transient},
     year = 2018,
    month = jun,
   volume = 11785,
   adsurl = {https://ui.adsabs.harvard.edu/abs/2018ATel11785....1B},
  adsnote = {Provided by the SAO/NASA Astrophysics Data System}
}

@article{Wang:2018mxl,
      author         = "Wang, Tinggui and Yan, Lin and Dou, Liming and Jiang,
                        Ning and Sheng, Zhenfeng and Yang, Chenwei",
      title          = "{Long-Term Decline of the Mid-Infrared Emission of Normal
                        Galaxies: Dust Echo of Tidal Disruption Flare?}",
      journal        = "Mon. Not. Roy. Astron. Soc.",
      volume         = "477",
      year           = "2018",
      number         = "3",
      pages          = "2943-2965",
      doi            = "10.1093/mnras/sty465",
      eprint         = "1802.05105",
      archivePrefix  = "arXiv",
      primaryClass   = "astro-ph.HE",
      SLACcitation   = "%%CITATION = ARXIV:1802.05105;%%"
}

@ARTICLE{2019PASP..131a8002B,
       author = "Bellm, Eric C. and others",
        title = "{The Zwicky Transient Facility: System Overview, Performance, and First Results}",
      journal = {\pasp},
     keywords = {Astrophysics - Instrumentation and Methods for Astrophysics},
         year = "2019",
        month = "Jan",
       volume = {131},
       number = {995},
        pages = {018002},
     abstract = "{The Zwicky Transient Facility (ZTF) is a new optical time-domain survey
        that uses the Palomar 48 inch Schmidt telescope. A custom-built
        wide-field camera provides a 47 deg$^{2}$ field of view and 8 s
        readout time, yielding more than an order of magnitude
        improvement in survey speed relative to its predecessor survey,
        the Palomar Transient Factory. We describe the design and
        implementation of the camera and observing system. The ZTF data
        system at the Infrared Processing and Analysis Center provides
        near-real-time reduction to identify moving and varying objects.
        We outline the analysis pipelines, data products, and associated
        archive. Finally, we present on-sky performance analysis and
        first scientific results from commissioning and the early
        survey. ZTF{\textquoteright}s public alert stream will serve as
        a useful precursor for that of the Large Synoptic Survey
        Telescope.}",
          doi = {10.1088/1538-3873/aaecbe},
archivePrefix = {arXiv},
       eprint = {1902.01932},
 primaryClass = {astro-ph.IM},
       adsurl = {https://ui.adsabs.harvard.edu/abs/2019PASP..131a8002B},
      adsnote = {Provided by the SAO/NASA Astrophysics Data System}
}

