%%%%%%%%%%%%%%%%%%%%%%%%%%%%%%%%%%%%%%%%%%%%%%%%%%%%%%%%%%%%%%%%%%%%%%%%%%%%%%
% references.bib
% Add references from inspirehep.net, NASA/ADS, or make your own.
% Note that NASA/ADS references often have LaTeX definitions for journals,
% e.g., \apj, that you'll need to make sure you define in the preamble.
%%%%%%%%%%%%%%%%%%%%%%%%%%%%%%%%%%%%%%%%%%%%%%%%%%%%%%%%%%%%%%%%%%%%%%%%%%%%%%

% IceCube publication with collaboration specified.
@article{Aartsen:2016nxy,
      author         = "Aartsen, M. G. and others",
      title          = "{The IceCube Neutrino Observatory: Instrumentation and
                        Online Systems}",
      collaboration  = "IceCube",
      journal        = "JINST",
      volume         = "12",
      year           = "2017",
      number         = "03",
      pages          = "P03012",
      doi            = "10.1088/1748-0221/12/03/P03012",
      eprint         = "1612.05093",
      archivePrefix  = "arXiv",
      primaryClass   = "astro-ph.IM",
      SLACcitation   = "%%CITATION = ARXIV:1612.05093;%%"
}

% IceCube ICRC proceeding from 2019.
% INSERT THE PoS ID NUMBER in the pages field below.
% Instead of the current year, you can write "these proceedings."
%      author         = "Hussain, Raamis and Vandenbroucke, Justin and Wood, Joshua",
@article{Hussain:2019icrc_gw,
      author         = "",
      title          = "{Searching for Common Sources of Gravitational waves and Neutrinos}",
      collaboration  = "IceCube",
      journal        = "PoS",
      volume         = "ICRC2019",
      pages          = "xyz",
      year           = "these proceedings",
}

% IceCube ICRC proceeding from 2017.
%     author         = "Peiffer, Peter and Hebecker, Dustin",
@article{Peiffer:2017vsm,
      author         = "",
      title          = "{Overview and Performance of the Wavelength-shifting
                        Optical Module (WOM) for IceCube-Gen2}",
      booktitle      = "{The Fluorescence detector Array of Single-pixel
                        Telescopes: Contributions to the 35th International Cosmic
                        Ray Conference (ICRC 2017)}",
      collaboration  = "IceCube Gen2",
      journal        = "PoS",
      volume         = "ICRC2017",
      year           = "2018",
      pages          = "1052",
      doi            = "10.22323/1.301.1052",
      SLACcitation   = "%%CITATION = POSCI,ICRC2017,1052;%%"
}

% A non-collaboration journal paper.
@article{Waxman:1998yy,
      author         = "Waxman, Eli and Bahcall, John N.",
      title          = "{High-energy neutrinos from astrophysical sources: An
                        Upper bound}",
      journal        = "Phys. Rev.",
      volume         = "D59",
      year           = "1999",
      pages          = "023002",
      doi            = "10.1103/PhysRevD.59.023002",
      eprint         = "hep-ph/9807282",
      archivePrefix  = "arXiv",
      primaryClass   = "hep-ph",
      reportNumber   = "IASSNS-AST-98-38",
      SLACcitation   = "%%CITATION = HEP-PH/9807282;%%"
}

% IceCube ICRC proceeding from 2015.
%      author         = "Zoll, Marcel",
@article{Zoll:2015wcu,
      author         = "",
      title          = "{Improved methods for solar Dark Matter searches with the
                        IceCube neutrino telescope}",
      booktitle      = "{Proceedings, 34th International Cosmic Ray Conference
                        (ICRC 2015): The Hague, The Netherlands, July 30-August 6,
                        2015}",
      collaboration  = "IceCube",
      journal        = "PoS",
      volume         = "ICRC2015",
      year           = "2016",
      pages          = "1099",
      doi            = "10.22323/1.236.1099",
      SLACcitation   = "%%CITATION = POSCI,ICRC2015,1099;%%"
}